@book{ship,
  language  = "english",
  author    = "Abraham Silberschatz and Henry F. Korth and S. Sudarshan",
  title     = "Database System Concepts",
  year      = "2020",
  publisher = "McGraw-Hill",
  address   = "New York",
  pages     = "1344"
}
